
@article{raney2003agent,
  title={An agent-based microsimulation model of Swiss travel: First results},
  author={Raney, Bryan and Cetin, Nurhan and V{\"o}llmy, Andreas and Vrtic, Milenko and Axhausen, Kay and Nagel, Kai},
  journal={Networks and Spatial Economics},
  volume={3},
  number={1},
  pages={23--41},
  year={2003},
  publisher={Springer}
}

@article{baindur2011agent,
  title={An agent based model concept for assessing modal share in inter-regional freight transport markets},
  author={Baindur, Deepak and Viegas, Jos{\'e} Manuel},
  journal={Journal of Transport Geography},
  volume={19},
  number={6},
  pages={1093--1105},
  year={2011},
  publisher={Elsevier}
}

@article{horl2020reproducible,
  title={Reproducible scenarios for agent-based transport simulation: A case study for Paris and {\^I}le-de-France},
  author={H{\"o}rl, Sebastian and Balac, Milos},
  year={2020},
  publisher={IVT, ETH Zurich}
}


@article{leng2020role,
  title={The role of information availability to passengers in public transport disruptions: An agent-based simulation approach},
  author={Leng, Nuannuan and Corman, Francesco},
  journal={Transportation Research Part A: Policy and Practice},
  volume={133},
  pages={214--236},
  year={2020},
  publisher={Elsevier}
}



@phdthesis{brisbois2010processus,
  title={Le processus de d{\'e}cision dans le choix modal: importance des d{\'e}terminants individuels, symboliques et cognitifs},
  author={Brisbois, Xavier},
  year={2010},
  school={Universit{\'e} Pierre Mend{\`e}s-France-Grenoble II}
}

